<?xml version="1.0" encoding="UTF-8"?><collection xmlns="http://www.loc.gov/MARC21/slim"><record><leader>00337nam--2200121-i-4500</leader><controlfield tag="001">000006111</controlfield><controlfield tag="002">20161230</controlfield><controlfield tag="005">20161230201026</controlfield><controlfield tag="008">060222s1000------------r-----000-0-eng-d</controlfield><datafield ind1=" " ind2=" " tag="100"><subfield code="a">Coote G.E, Haywood B.C</subfield></datafield><datafield ind1=" " ind2=" " tag="245"><subfield code="a">Inelastic scattering of neutrons in solids and liquids</subfield></datafield><datafield ind1=" " ind2=" " tag="260"><subfield code="a">Chalk River, A E C L, 1962 8 P. + 5 Fig</subfield></datafield><datafield ind1=" " ind2=" " tag="852"><subfield code="a">18250</subfield></datafield></record></collection>